@article{noy2019industry,
  title={Industry-scale Knowledge Graphs: Lessons and Challenges: Five diverse technology companies show how itâ€™s done},
  author={Noy, Natasha and Gao, Yuqing and Jain, Anshu and Narayanan, Anant and Patterson, Alan and Taylor, Jamie},
  journal={Queue},
  volume={17},
  number={2},
  pages={48--75},
  year={2019},
  publisher={ACM New York, NY, USA}
}

@article{ehrlinger2016towards,
  title={Towards a definition of knowledge graphs.},
  author={Ehrlinger, Lisa and W{\"o}{\ss}, Wolfram},
  journal={SEMANTiCS (Posters, Demos, SuCCESS)},
  volume={48},
  number={1-4},
  pages={2},
  year={2016}
}

@article{fensel2020introduction,
  title={Introduction: what is a knowledge graph?},
  author={Fensel, Dieter and {\c{S}}im{\c{s}}ek, Umutcan and Angele, Kevin and Huaman, Elwin and K{\"a}rle, Elias and Panasiuk, Oleksandra and Toma, Ioan and Umbrich, J{\"u}rgen and Wahler, Alexander and Fensel, Dieter and others},
  journal={Knowledge graphs: Methodology, tools and selected use cases},
  pages={1--10},
  year={2020},
  publisher={Springer}
}

@article{gao2020pile,
  title={The pile: An 800gb dataset of diverse text for language modeling},
  author={Gao, Leo and Biderman, Stella and Black, Sid and Golding, Laurence and Hoppe, Travis and Foster, Charles and Phang, Jason and He, Horace and Thite, Anish and Nabeshima, Noa and others},
  journal={arXiv preprint arXiv:2101.00027},
  year={2020}
}

@article{pile,
  title={The {P}ile: An 800GB Dataset of Diverse Text for Language Modeling},
  author={Gao, Leo and Biderman, Stella and Black, Sid and Golding, Laurence and Hoppe, Travis and Foster, Charles and Phang, Jason and He, Horace and Thite, Anish and Nabeshima, Noa and Presser, Shawn and Leahy, Connor},
  journal={arXiv preprint arXiv:2101.00027},
  year={2020}
}

@article{paulheim2017knowledge,
  title={Knowledge graph refinement: A survey of approaches and evaluation methods},
  author={Paulheim, Heiko},
  journal={Semantic web},
  volume={8},
  number={3},
  pages={489--508},
  year={2017},
  publisher={IOS Press}
}

@article{berners2001semantic,
  title={The semantic web},
  author={Berners-Lee, Tim and Hendler, James and Lassila, Ora},
  journal={Scientific american},
  volume={284},
  number={5},
  pages={34--43},
  year={2001},
  publisher={JSTOR}
}
@inproceedings{arpaci1997high,
  title={High-performance sorting on networks of workstations},
  author={Arpaci-Dusseau, Andrea C and Arpaci-Dusseau, Remzi H and Culler, David E and Hellerstein, Joseph M and Patterson, David A},
  booktitle={Proceedings of the 1997 ACM SIGMOD international conference on Management of data},
  pages={243--254},
  year={1997}
}
@article{dean2008mapreduce,
  title={MapReduce: simplified data processing on large clusters},
  author={Dean, Jeffrey and Ghemawat, Sanjay},
  journal={Communications of the ACM},
  volume={51},
  number={1},
  pages={107--113},
  year={2008},
  publisher={ACM New York, NY, USA}
}
@inproceedings{arpaci1999cluster,
  title={Cluster I/O with River: Making the fast case common},
  author={Arpaci-Dusseau, Remzi H and Anderson, Eric and Treuhaft, Noah and Culler, David E and Hellerstein, Joseph M and Patterson, David and Yelick, Kathy},
  booktitle={Proceedings of the sixth workshop on I/O in parallel and distributed systems},
  pages={10--22},
  year={1999}
}

@article{baratloo1999charlotte,
  title={Charlotte: Metacomputing on the web},
  author={Baratloo, Arash and Karaul, Mehmet and Kedem, Zvi M and Wijckoff, Peter},
  journal={Future Generation Computer Systems},
  volume={15},
  number={5-6},
  pages={559--570},
  year={1999},
  publisher={Elsevier}
}

@article{barroso2003web,
  title={Web search for a planet: The Google cluster architecture},
  author={Barroso, Luiz Andr{\'e} and Dean, Jeffrey and Holzle, Urs},
  journal={IEEE micro},
  volume={23},
  number={2},
  pages={22--28},
  year={2003},
  publisher={IEEE}
}

@inproceedings{bent2004explicit,
  title={Explicit Control in the Batch-Aware Distributed File System.},
  author={Bent, John and Thain, Douglas and Arpaci-Dusseau, Andrea C and Arpaci-Dusseau, Remzi H and Livny, Miron},
  booktitle={NSDI},
  volume={4},
  pages={365--378},
  year={2004}
}

@article{blelloch1989scans,
  title={Scans as primitive parallel operations},
  author={Blelloch, Guy E},
  journal={IEEE Transactions on computers},
  volume={38},
  number={11},
  pages={1526--1538},
  year={1989},
  publisher={IEEE}
}

@inproceedings{fox1997cluster,
  title={Cluster-based scalable network services},
  author={Fox, Armando and Gribble, Steven D and Chawathe, Yatin and Brewer, Eric A and Gauthier, Paul},
  booktitle={Proceedings of the sixteenth ACM symposium on Operating systems principles},
  pages={78--91},
  year={1997}
}

@inproceedings{ghemawat2003google,
  title={The Google file system},
  author={Ghemawat, Sanjay and Gobioff, Howard and Leung, Shun-Tak},
  booktitle={Proceedings of the nineteenth ACM symposium on Operating systems principles},
  pages={29--43},
  year={2003}
}

@inproceedings{gorlatch1996systematic,
  title={Systematic efficient parallelization of scan and other list homomorphisms},
  author={Gorlatch, Sergei},
  booktitle={Euro-Par'96 Parallel Processing: Second International Euro-Par Conference Lyon, France, August 26--29, 1996 Proceedings, Volume II 2},
  pages={401--408},
  year={1996},
  organization={Springer}
}

@book{armstrong2001principles,
  title={Principles of forecasting: a handbook for researchers and practitioners},
  author={Armstrong, Jon Scott},
  volume={30},
  year={2001},
  publisher={Springer}
}

@article{frazier2018tutorial,
  title={A tutorial on Bayesian optimization},
  author={Frazier, Peter I},
  journal={arXiv preprint arXiv:1807.02811},
  year={2018}
}

@inproceedings{pelikan1999boa,
  title={BOA: The Bayesian optimization algorithm},
  author={Pelikan, Martin and Goldberg, David E and Cant{\'u}-Paz, Erick and others},
  booktitle={Proceedings of the genetic and evolutionary computation conference GECCO-99},
  volume={1},
  pages={525--532},
  year={1999},
  organization={Citeseer}
}

@article{shahriari2015taking,
  title={Taking the human out of the loop: A review of Bayesian optimization},
  author={Shahriari, Bobak and Swersky, Kevin and Wang, Ziyu and Adams, Ryan P and De Freitas, Nando},
  journal={Proceedings of the IEEE},
  volume={104},
  number={1},
  pages={148--175},
  year={2015},
  publisher={IEEE}
}

@article{snoek2012practical,
  title={Practical bayesian optimization of machine learning algorithms},
  author={Snoek, Jasper and Larochelle, Hugo and Adams, Ryan P},
  journal={Advances in neural information processing systems},
  volume={25},
  year={2012}
}

@inproceedings{he2016deep,
  title={Deep residual learning for image recognition},
  author={He, Kaiming and Zhang, Xiangyu and Ren, Shaoqing and Sun, Jian},
  booktitle={Proceedings of the IEEE conference on computer vision and pattern recognition},
  pages={770--778},
  year={2016}
}

@article{jordan2015machine,
  title={Machine learning: Trends, perspectives, and prospects},
  author={Jordan, Michael I and Mitchell, Tom M},
  journal={Science},
  volume={349},
  number={6245},
  pages={255--260},
  year={2015},
  publisher={American Association for the Advancement of Science}
}

@article{lecun2015deep,
  title={Deep learning},
  author={LeCun, Yann and Bengio, Yoshua and Hinton, Geoffrey},
  journal={nature},
  volume={521},
  number={7553},
  pages={436--444},
  year={2015},
  publisher={Nature Publishing Group}
}

@inproceedings{ioffe2015batch,
  title={Batch normalization: Accelerating deep network training by reducing internal covariate shift},
  author={Ioffe, Sergey and Szegedy, Christian},
  booktitle={International conference on machine learning},
  pages={448--456},
  year={2015},
  organization={PMLR}
}

@article{ren2015faster,
  title={Faster r-cnn: Towards real-time object detection with region proposal networks},
  author={Ren, Shaoqing and He, Kaiming and Girshick, Ross and Sun, Jian},
  journal={Advances in neural information processing systems},
  volume={28},
  year={2015}
}

@article{vaswani2017attention,
  title={Attention is all you need},
  author={Vaswani, Ashish and Shazeer, Noam and Parmar, Niki and Uszkoreit, Jakob and Jones, Llion and Gomez, Aidan N and Kaiser, {\L}ukasz and Polosukhin, Illia},
  journal={Advances in neural information processing systems},
  volume={30},
  year={2017}
}

@article{bahdanau2014neural,
  title={Neural machine translation by jointly learning to align and translate},
  author={Bahdanau, Dzmitry and Cho, Kyunghyun and Bengio, Yoshua},
  journal={arXiv preprint arXiv:1409.0473},
  year={2014}
}

@article{mnih2015human,
  title={Human-level control through deep reinforcement learning},
  author={Mnih, Volodymyr and Kavukcuoglu, Koray and Silver, David and Rusu, Andrei A and Veness, Joel and Bellemare, Marc G and Graves, Alex and Riedmiller, Martin and Fidjeland, Andreas K and Ostrovski, Georg and others},
  journal={nature},
  volume={518},
  number={7540},
  pages={529--533},
  year={2015},
  publisher={Nature Publishing Group}
}

@article{lecun1998gradient,
  title={Gradient-based learning applied to document recognition},
  author={LeCun, Yann and Bottou, L{\'e}on and Bengio, Yoshua and Haffner, Patrick},
  journal={Proceedings of the IEEE},
  volume={86},
  number={11},
  pages={2278--2324},
  year={1998},
  publisher={Ieee}
}

@article{kingma2014adam,
  title={Adam: A method for stochastic optimization},
  author={Kingma, Diederik P and Ba, Jimmy},
  journal={arXiv preprint arXiv:1412.6980},
  year={2014}
}

@article{rusell2003artificial,
  title={Artificial intelligence: A modern approach},
  author={Rusell, Stuart and Norvig, Peter},
  journal={Pretice Hall Series in Artificial Intelligence},
  volume={1},
  pages={649--789},
  year={2003}
}

@book{mitchell1997machine,
  title={Machine learning},
  author={Mitchell, Tom M},
  year={1997},
  publisher={McGraw-hill New York}
}

@book{Goodfellow-et-al-2016,
    title={Deep Learning},
    author={Ian Goodfellow and Yoshua Bengio and Aaron Courville},
    publisher={MIT Press},
    note={\url{http://www.deeplearningbook.org}},
    year={2016}
}

@book{grus2019data,
  title={Data science from scratch: first principles with python},
  author={Grus, Joel},
  year={2019},
  publisher={O'Reilly Media}
}

@book{hope2017learning,
  title={Learning tensorflow: A guide to building deep learning systems},
  author={Hope, Tom and Resheff, Yehezkel S and Lieder, Itay},
  year={2017},
  publisher={" O'Reilly Media, Inc."}
}

@book{graesser2019foundations,
  title={Foundations of deep reinforcement learning: theory and practice in Python},
  author={Graesser, Laura and Keng, Wah Loon},
  year={2019},
  publisher={Addison-Wesley Professional}
}

@inproceedings{schmidt2021descending,
  title={Descending through a crowded valley-benchmarking deep learning optimizers},
  author={Schmidt, Robin M and Schneider, Frank and Hennig, Philipp},
  booktitle={International Conference on Machine Learning},
  pages={9367--9376},
  year={2021},
  organization={PMLR}
}

@inproceedings{chen2016xgboost,
  title={Xgboost: A scalable tree boosting system},
  author={Chen, Tianqi and Guestrin, Carlos},
  booktitle={Proceedings of the 22nd acm sigkdd international conference on knowledge discovery and data mining},
  pages={785--794},
  year={2016}
}

@article{chen2015xgboost,
  title={Xgboost: extreme gradient boosting},
  author={Chen, Tianqi and He, Tong and Benesty, Michael and Khotilovich, Vadim and Tang, Yuan and Cho, Hyunsu and Chen, Kailong and others},
  journal={R package version 0.4-2},
  volume={1},
  number={4},
  pages={1--4},
  year={2015}
}

@inproceedings{rish2001empirical,
  title={An empirical study of the naive Bayes classifier},
  author={Rish, Irina and others},
  booktitle={IJCAI 2001 workshop on empirical methods in artificial intelligence},
  volume={3},
  pages={41--46},
  year={2001}
}

@article{forkuor2017high,
  title={High resolution mapping of soil properties using remote sensing variables in south-western Burkina Faso: a comparison of machine learning and multiple linear regression models},
  author={Forkuor, Gerald and Hounkpatin, Ozias KL and Welp, Gerhard and Thiel, Michael},
  journal={PloS one},
  volume={12},
  number={1},
  pages={e0170478},
  year={2017},
  publisher={Public Library of Science San Francisco, CA USA}
}

@article{maulud2020review,
  title={A review on linear regression comprehensive in machine learning},
  author={Maulud, Dastan and Abdulazeez, Adnan M},
  journal={Journal of Applied Science and Technology Trends},
  volume={1},
  number={4},
  pages={140--147},
  year={2020}
}

@article{christodoulou2019systematic,
  title={A systematic review shows no performance benefit of machine learning over logistic regression for clinical prediction models},
  author={Christodoulou, Evangelia and Ma, Jie and Collins, Gary S and Steyerberg, Ewout W and Verbakel, Jan Y and Van Calster, Ben},
  journal={Journal of clinical epidemiology},
  volume={110},
  pages={12--22},
  year={2019},
  publisher={Elsevier}
}

@article{dreiseitl2002logistic,
  title={Logistic regression and artificial neural network classification models: a methodology review},
  author={Dreiseitl, Stephan and Ohno-Machado, Lucila},
  journal={Journal of biomedical informatics},
  volume={35},
  number={5-6},
  pages={352--359},
  year={2002},
  publisher={Elsevier}
}

@techreport{dietterich1995machine,
  title={Machine learning bias, statistical bias, and statistical variance of decision tree algorithms},
  author={Dietterich, Thomas G and Kong, Eun Bae},
  year={1995},
  institution={Citeseer}
}

@article{noble2006support,
  title={What is a support vector machine?},
  author={Noble, William S},
  journal={Nature biotechnology},
  volume={24},
  number={12},
  pages={1565--1567},
  year={2006},
  publisher={Nature Publishing Group}
}

@book{wang2005support,
  title={Support vector machines: theory and applications},
  author={Wang, Lipo},
  volume={177},
  year={2005},
  publisher={Springer Science \& Business Media}
}

@article{hearst1998support,
  title={Support vector machines},
  author={Hearst, Marti A. and Dumais, Susan T and Osuna, Edgar and Platt, John and Scholkopf, Bernhard},
  journal={IEEE Intelligent Systems and their applications},
  volume={13},
  number={4},
  pages={18--28},
  year={1998},
  publisher={IEEE}
}

@article{peterson2009k,
  title={K-nearest neighbor},
  author={Peterson, Leif E},
  journal={Scholarpedia},
  volume={4},
  number={2},
  pages={1883},
  year={2009}
}

@inproceedings{zhang2005k,
  title={A k-nearest neighbor based algorithm for multi-label classification},
  author={Zhang, Min-Ling and Zhou, Zhi-Hua},
  booktitle={2005 IEEE international conference on granular computing},
  volume={2},
  pages={718--721},
  year={2005},
  organization={IEEE}
}

@article{sinaga2020unsupervised,
  title={Unsupervised K-means clustering algorithm},
  author={Sinaga, Kristina P and Yang, Miin-Shen},
  journal={IEEE access},
  volume={8},
  pages={80716--80727},
  year={2020},
  publisher={IEEE}
}

@article{biau2016random,
  title={A random forest guided tour},
  author={Biau, G{\'e}rard and Scornet, Erwan},
  journal={Test},
  volume={25},
  number={2},
  pages={197--227},
  year={2016},
  publisher={Springer}
}

@article{dhariwal2021diffusion,
  title={Diffusion models beat gans on image synthesis},
  author={Dhariwal, Prafulla and Nichol, Alexander},
  journal={Advances in Neural Information Processing Systems},
  volume={34},
  pages={8780--8794},
  year={2021}
}

@article{wei2018machine,
  title={Machine-learning solver for modified diffusion equations},
  author={Wei, Qianshi and Jiang, Ying and Chen, Jeff ZY},
  journal={Physical Review E},
  volume={98},
  number={5},
  pages={053304},
  year={2018},
  publisher={APS}
}

@article{kaelbling1996reinforcement,
  title={Reinforcement learning: A survey},
  author={Kaelbling, Leslie Pack and Littman, Michael L and Moore, Andrew W},
  journal={Journal of artificial intelligence research},
  volume={4},
  pages={237--285},
  year={1996}
}

@book{sutton1998introduction,
  title={Introduction to reinforcement learning},
  author={Sutton, Richard S and Barto, Andrew G and others},
  year={1998},
  publisher={MIT press Cambridge}
}

@article{szepesvari2010algorithms,
  title={Algorithms for reinforcement learning},
  author={Szepesv{\'a}ri, Csaba},
  journal={Synthesis lectures on artificial intelligence and machine learning},
  volume={4},
  number={1},
  pages={1--103},
  year={2010},
  publisher={Morgan \& Claypool Publishers}
}

@article{mnih2013playing,
  title={Playing atari with deep reinforcement learning},
  author={Mnih, Volodymyr and Kavukcuoglu, Koray and Silver, David and Graves, Alex and Antonoglou, Ioannis and Wierstra, Daan and Riedmiller, Martin},
  journal={arXiv preprint arXiv:1312.5602},
  year={2013}
}

@article{zhu2009introduction,
  title={Introduction to semi-supervised learning},
  author={Zhu, Xiaojin and Goldberg, Andrew B},
  journal={Synthesis lectures on artificial intelligence and machine learning},
  volume={3},
  number={1},
  pages={1--130},
  year={2009},
  publisher={Morgan \& Claypool Publishers}
}

@article{chapelle2009semi,
  title={Semi-supervised learning (chapelle, o. et al., eds.; 2006)[book reviews]},
  author={Chapelle, Olivier and Scholkopf, Bernhard and Zien, Alexander},
  journal={IEEE Transactions on Neural Networks},
  volume={20},
  number={3},
  pages={542--542},
  year={2009},
  publisher={IEEE}
}

@inproceedings{niculescu2005predicting,
  title={Predicting good probabilities with supervised learning},
  author={Niculescu-Mizil, Alexandru and Caruana, Rich},
  booktitle={Proceedings of the 22nd international conference on Machine learning},
  pages={625--632},
  year={2005}
}

@book{zhu2005semi,
  title={Semi-supervised learning literature survey},
  author={Zhu, Xiaojin Jerry},
  year={2005},
  publisher={University of Wisconsin-Madison Department of Computer Sciences}
}

@inproceedings{lee2013pseudo,
  title={Pseudo-label: The simple and efficient semi-supervised learning method for deep neural networks},
  author={Lee, Dong-Hyun and others},
  booktitle={Workshop on challenges in representation learning, ICML},
  volume={3},
  pages={896},
  year={2013}
}

@inproceedings{hara2018data,
  title={A data-driven analysis of workers' earnings on Amazon Mechanical Turk},
  author={Hara, Kotaro and Adams, Abigail and Milland, Kristy and Savage, Saiph and Callison-Burch, Chris and Bigham, Jeffrey P},
  booktitle={Proceedings of the 2018 CHI conference on human factors in computing systems},
  pages={1--14},
  year={2018}
}

@inproceedings{caruana2006empirical,
  title={An empirical comparison of supervised learning algorithms},
  author={Caruana, Rich and Niculescu-Mizil, Alexandru},
  booktitle={Proceedings of the 23rd international conference on Machine learning},
  pages={161--168},
  year={2006}
}

@article{hofmann2001unsupervised,
  title={Unsupervised learning by probabilistic latent semantic analysis},
  author={Hofmann, Thomas},
  journal={Machine learning},
  volume={42},
  number={1},
  pages={177--196},
  year={2001},
  publisher={Springer}
}

@article{van2016neural,
  title={The neural network zoo},
  author={Van Veen, Fjodor and Leijnen, Stefan},
  journal={The Asimov Institute},
  year={2016}
}

@article{leijnen2020neural,
  title={The neural network zoo},
  author={Leijnen, Stefan and Veen, Fjodor van},
  journal={Multidisciplinary Digital Publishing Institute Proceedings},
  volume={47},
  number={1},
  pages={9},
  year={2020}
}

@INPROCEEDINGS{9597341,
  author={Loro, Francesco and Pau, Danilo and Tomaselli, Valeria},
  booktitle={2021 IEEE 6th International Forum on Research and Technology for Society and Industry (RTSI)}, 
  title={A QKeras Neural Network Zoo for Deeply Quantized Imaging}, 
  year={2021},
  volume={},
  number={},
  pages={165-170},
  doi={10.1109/RTSI50628.2021.9597341}
}

@article{jain1996artificial,
  title={Artificial neural networks: A tutorial},
  author={Jain, Anil K and Mao, Jianchang and Mohiuddin, K Moidin},
  journal={Computer},
  volume={29},
  number={3},
  pages={31--44},
  year={1996},
  publisher={IEEE}
}

@book{hassoun1995fundamentals,
  title={Fundamentals of artificial neural networks},
  author={Hassoun, Mohamad H and others},
  year={1995},
  publisher={MIT press}
}

@article{kudela2003changing,
  title={Changing excitation and inhibition in simulated neural networks: effects on induced bursting behavior},
  author={Kudela, Pawel and Franaszczuk, Piotr J and Bergey, Gregory K},
  journal={Biological cybernetics},
  volume={88},
  number={4},
  pages={276--285},
  year={2003},
  publisher={Springer}
}

@article{goyal2012application,
  title={Application of simulated neural networks as non-linear modular modeling method for predicting shelf life of processed cheese},
  author={Goyal, Sumit and Goyal, Gyanendra Kumar},
  journal={Jurnal Intelek},
  volume={7},
  number={2},
  pages={48--54},
  year={2012},
  publisher={Universiti Teknologi MARA, Perlis}
}

@article{lipton2015critical,
  title={A critical review of recurrent neural networks for sequence learning},
  author={Lipton, Zachary C and Berkowitz, John and Elkan, Charles},
  journal={arXiv preprint arXiv:1506.00019},
  year={2015}
}

@article{yin2017deep,
  title={A deep learning approach for intrusion detection using recurrent neural networks},
  author={Yin, Chuanlong and Zhu, Yuefei and Fei, Jinlong and He, Xinzheng},
  journal={Ieee Access},
  volume={5},
  pages={21954--21961},
  year={2017},
  publisher={IEEE}
}

@article{yi2019generative,
  title={Generative adversarial network in medical imaging: A review},
  author={Yi, Xin and Walia, Ekta and Babyn, Paul},
  journal={Medical image analysis},
  volume={58},
  pages={101552},
  year={2019},
  publisher={Elsevier}
}

@article{aggarwal2021generative,
  title={Generative adversarial network: An overview of theory and applications},
  author={Aggarwal, Alankrita and Mittal, Mamta and Battineni, Gopi},
  journal={International Journal of Information Management Data Insights},
  volume={1},
  number={1},
  pages={100004},
  year={2021},
  publisher={Elsevier}
}

@inproceedings{albawi2017understanding,
  title={Understanding of a convolutional neural network},
  author={Albawi, Saad and Mohammed, Tareq Abed and Al-Zawi, Saad},
  booktitle={2017 international conference on engineering and technology (ICET)},
  pages={1--6},
  year={2017},
  organization={Ieee}
}

@article{o2015introduction,
  title={An introduction to convolutional neural networks},
  author={O'Shea, Keiron and Nash, Ryan},
  journal={arXiv preprint arXiv:1511.08458},
  year={2015}
}

@inproceedings{salakhutdinov2008quantitative,
  title={On the quantitative analysis of deep belief networks},
  author={Salakhutdinov, Ruslan and Murray, Iain},
  booktitle={Proceedings of the 25th international conference on Machine learning},
  pages={872--879},
  year={2008}
}

@article{hinton2009deep,
  title={Deep belief networks},
  author={Hinton, Geoffrey E},
  journal={Scholarpedia},
  volume={4},
  number={5},
  pages={5947},
  year={2009}
}

@article{carpenter1988art,
  title={The ART of adaptive pattern recognition by a self-organizing neural network},
  author={Carpenter, Gail A. and Grossberg, Stephen},
  journal={Computer},
  volume={21},
  number={3},
  pages={77--88},
  year={1988},
  publisher={IEEE}
}

@book{carpenter1991pattern,
  title={Pattern recognition by self-organizing neural networks},
  author={Carpenter, Gail A and Grossberg, Stephen},
  year={1991},
  publisher={MIT Press}
}

@article{dogaru2021lb,
  title={LB-CNN: An Open Source Framework for Fast Training of Light Binary Convolutional Neural Networks using Chainer and Cupy},
  author={Dogaru, Radu and Dogaru, Ioana},
  journal={arXiv preprint arXiv:2106.15350},
  year={2021}
}

@inproceedings{devin2017learning,
  title={Learning modular neural network policies for multi-task and multi-robot transfer},
  author={Devin, Coline and Gupta, Abhishek and Darrell, Trevor and Abbeel, Pieter and Levine, Sergey},
  booktitle={2017 IEEE international conference on robotics and automation (ICRA)},
  pages={2169--2176},
  year={2017},
  organization={IEEE}
}

@article{happel1994design,
  title={Design and evolution of modular neural network architectures},
  author={Happel, Bart LM and Murre, Jacob MJ},
  journal={Neural networks},
  volume={7},
  number={6-7},
  pages={985--1004},
  year={1994},
  publisher={Elsevier}
}

@article{riedmiller1994advanced,
  title={Advanced supervised learning in multi-layer perceptronsâ€”from backpropagation to adaptive learning algorithms},
  author={Riedmiller, Martin},
  journal={Computer Standards \& Interfaces},
  volume={16},
  number={3},
  pages={265--278},
  year={1994},
  publisher={Elsevier}
}

@article{goodfellow2014generative,
  title={Generative adversarial nets},
  author={Goodfellow, Ian and Pouget-Abadie, Jean and Mirza, Mehdi and Xu, Bing and Warde-Farley, David and Ozair, Sherjil and Courville, Aaron and Bengio, Yoshua},
  journal={Advances in neural information processing systems},
  volume={27},
  year={2014}
}

@article{marblestone2016toward,
  title={Toward an integration of deep learning and neuroscience},
  author={Marblestone, Adam H and Wayne, Greg and Kording, Konrad P},
  journal={Frontiers in computational neuroscience},
  pages={94},
  year={2016},
  publisher={Frontiers}
}

@article{richiardi2013machine,
  title={Machine learning with brain graphs: predictive modeling approaches for functional imaging in systems neuroscience},
  author={Richiardi, Jonas and Achard, Sophie and Bunke, Horst and Van De Ville, Dimitri},
  journal={IEEE Signal processing magazine},
  volume={30},
  number={3},
  pages={58--70},
  year={2013},
  publisher={IEEE}
}

@article{vu2018shared,
  title={A shared vision for machine learning in neuroscience},
  author={Vu, Mai-Anh T and Adal{\i}, T{\"u}lay and Ba, Demba and Buzs{\'a}ki, Gy{\"o}rgy and Carlson, David and Heller, Katherine and Liston, Conor and Rudin, Cynthia and Sohal, Vikaas S and Widge, Alik S and others},
  journal={Journal of Neuroscience},
  volume={38},
  number={7},
  pages={1601--1607},
  year={2018},
  publisher={Soc Neuroscience}
}

@article{savage2019ai,
  title={How AI and neuroscience drive each other forwards},
  author={Savage, Neil},
  journal={Nature},
  volume={571},
  number={7766},
  pages={S15--S15},
  year={2019},
  publisher={Nature Publishing Group}
}

@article{richards2019deep,
  title={A deep learning framework for neuroscience},
  author={Richards, Blake A and Lillicrap, Timothy P and Beaudoin, Philippe and Bengio, Yoshua and Bogacz, Rafal and Christensen, Amelia and Clopath, Claudia and Costa, Rui Ponte and de Berker, Archy and Ganguli, Surya and others},
  journal={Nature neuroscience},
  volume={22},
  number={11},
  pages={1761--1770},
  year={2019},
  publisher={Nature Publishing Group}
}

@article{corbett2018measure,
  title={The measure and mismeasure of fairness: A critical review of fair machine learning},
  author={Corbett-Davies, Sam and Goel, Sharad},
  journal={arXiv preprint arXiv:1808.00023},
  year={2018}
}

@article{chouldechova2018frontiers,
  title={The frontiers of fairness in machine learning},
  author={Chouldechova, Alexandra and Roth, Aaron},
  journal={arXiv preprint arXiv:1810.08810},
  year={2018}
}

@article{barocas2017fairness,
  title={Fairness in machine learning},
  author={Barocas, Solon and Hardt, Moritz and Narayanan, Arvind},
  journal={Nips tutorial},
  volume={1},
  pages={2},
  year={2017}
}

@article{mehrabi2021survey,
  title={A survey on bias and fairness in machine learning},
  author={Mehrabi, Ninareh and Morstatter, Fred and Saxena, Nripsuta and Lerman, Kristina and Galstyan, Aram},
  journal={ACM Computing Surveys (CSUR)},
  volume={54},
  number={6},
  pages={1--35},
  year={2021},
  publisher={ACM New York, NY, USA}
}

@article{yapo2018ethical,
  title={Ethical implications of bias in machine learning},
  author={Yapo, Adrienne and Weiss, Joseph},
  year={2018}
}

@article{ji2014differential,
  title={Differential privacy and machine learning: a survey and review},
  author={Ji, Zhanglong and Lipton, Zachary C and Elkan, Charles},
  journal={arXiv preprint arXiv:1412.7584},
  year={2014}
}

@article{rigaki2020survey,
  title={A survey of privacy attacks in machine learning},
  author={Rigaki, Maria and Garcia, Sebastian},
  journal={arXiv preprint arXiv:2007.07646},
  year={2020}
}

@article{marcus2018deep,
  title={Deep learning: A critical appraisal},
  author={Marcus, Gary},
  journal={arXiv preprint arXiv:1801.00631},
  year={2018}
}

@article{nakkiran2021deep,
  title={Deep double descent: Where bigger models and more data hurt},
  author={Nakkiran, Preetum and Kaplun, Gal and Bansal, Yamini and Yang, Tristan and Barak, Boaz and Sutskever, Ilya},
  journal={Journal of Statistical Mechanics: Theory and Experiment},
  volume={2021},
  number={12},
  pages={124003},
  year={2021},
  publisher={IOP Publishing}
}

@misc{
lake2018still,
title={Still not systematic after all these years: On the compositional skills of sequence-to-sequence recurrent networks},
author={Brenden Lake and Marco Baroni},
year={2018},
url={https://openreview.net/forum?id=H18WqugAb},
}

@article{mitchell2021ai,
  title={Why AI is harder than we think},
  author={Mitchell, Melanie},
  journal={arXiv preprint arXiv:2104.12871},
  year={2021}
}

@article{biderman2020pitfalls,
  doi = {10.48550/ARXIV.2011.02832},
  url = {https://arxiv.org/abs/2011.02832},
  author = {Biderman, Stella and Scheirer, Walter J.},
  keywords = {Machine Learning (cs.LG), Methodology (stat.ME), Machine Learning (stat.ML), FOS: Computer and information sciences, FOS: Computer and information sciences},
  title = {Pitfalls in Machine Learning Research: Reexamining the Development Cycle},
  publisher = {arXiv},
  journal = {arXiv},
  year = {2020},
  copyright = {Creative Commons Attribution Share Alike 4.0 International}
}

@article{henderson2018distilling,
  title={Distilling information from a flood: A possibility for the use of meta-analysis and systematic review in machine learning research},
  author={Henderson, Peter and Brunskill, Emma},
  journal={arXiv preprint arXiv:1812.01074},
  year={2018}
}

@article{lo2020ethical,
  title={Ethical principles in machine learning and artificial intelligence: cases from the field and possible ways forward},
  author={Lo Piano, Samuele},
  journal={Humanities and Social Sciences Communications},
  volume={7},
  number={1},
  pages={1--7},
  year={2020},
  publisher={Palgrave}
}

@article{greene2019better,
  title={Better, nicer, clearer, fairer: A critical assessment of the movement for ethical artificial intelligence and machine learning},
  author={Greene, Daniel and Hoffmann, Anna Lauren and Stark, Luke},
  year={2019},
  journal={Proceedings of the 52nd Hawaii International Conference on System Sciences}
}

@incollection{alla2021mlops,
  title={What is mlops?},
  author={Alla, Sridhar and Adari, Suman Kalyan},
  booktitle={Beginning MLOps with MLFlow},
  pages={79--124},
  year={2021},
  publisher={Springer}
}

@inproceedings{zhou2020towards,
  title={Towards mlops: A case study of ml pipeline platform},
  author={Zhou, Yue and Yu, Yue and Ding, Bo},
  booktitle={2020 International conference on artificial intelligence and computer engineering (ICAICE)},
  pages={494--500},
  year={2020},
  organization={IEEE}
}

@article{renggli2021data,
  title={A data quality-driven view of mlops},
  author={Renggli, Cedric and Rimanic, Luka and G{\"u}rel, Nezihe Merve and Karla{\v{s}}, Bojan and Wu, Wentao and Zhang, Ce},
  journal={arXiv preprint arXiv:2102.07750},
  year={2021}
}

@article{ruf2021demystifying,
  title={Demystifying mlops and presenting a recipe for the selection of open-source tools},
  author={Ruf, Philipp and Madan, Manav and Reich, Christoph and Ould-Abdeslam, Djaffar},
  journal={Applied Sciences},
  volume={11},
  number={19},
  pages={8861},
  year={2021},
  publisher={MDPI}
}

@book{goertzel2007artificial,
  title={Artificial general intelligence},
  author={Goertzel, Ben and Pennachin, Cassio},
  volume={2},
  year={2007},
  publisher={Springer}
}

@article{goertzel2014artificial,
  title={Artificial general intelligence: concept, state of the art, and future prospects},
  author={Goertzel, Ben},
  journal={Journal of Artificial General Intelligence},
  volume={5},
  number={1},
  pages={1},
  year={2014},
  publisher={De Gruyter Poland}
}

@article{pei2019towards,
  title={Towards artificial general intelligence with hybrid Tianjic chip architecture},
  author={Pei, Jing and Deng, Lei and Song, Sen and Zhao, Mingguo and Zhang, Youhui and Wu, Shuang and Wang, Guanrui and Zou, Zhe and Wu, Zhenzhi and He, Wei and others},
  journal={Nature},
  volume={572},
  number={7767},
  pages={106--111},
  year={2019},
  publisher={Nature Publishing Group}
}

@inproceedings{silver2011machine,
  title={Machine lifelong learning: Challenges and benefits for artificial general intelligence},
  author={Silver, Daniel L},
  booktitle={International conference on artificial general intelligence},
  pages={370--375},
  year={2011},
  organization={Springer}
}

@article{goertzel2014artificial,
  title={Artificial general intelligence: concept, state of the art, and future prospects},
  author={Goertzel, Ben},
  journal={Journal of Artificial General Intelligence},
  volume={5},
  number={1},
  pages={1},
  year={2014},
  publisher={De Gruyter Poland}
}

@article{ghahramani2015probabilistic,
  title={Probabilistic machine learning and artificial intelligence},
  author={Ghahramani, Zoubin},
  journal={Nature},
  volume={521},
  number={7553},
  pages={452--459},
  year={2015},
  publisher={Nature Publishing Group}
}

@book{murphy2012machine,
  title={Machine learning: a probabilistic perspective},
  author={Murphy, Kevin P},
  year={2012},
  publisher={MIT press}
}

@misc{robert2014machine,
  title={Machine learning, a probabilistic perspective},
  author={Robert, Christian},
  year={2014},
  publisher={Taylor \& Francis}
}

@article{goertzel2015artificial,
  title={Artificial general intelligence},
  author={Goertzel, Ben and Orseau, Laurent and Snaider, Javier},
  journal={Scholarpedia},
  volume={10},
  number={11},
  pages={31847},
  year={2015},
  publisher={Springer}
}

@incollection{muller2016future,
  title={Future progress in artificial intelligence: A survey of expert opinion},
  author={M{\"u}ller, Vincent C and Bostrom, Nick},
  booktitle={Fundamental issues of artificial intelligence},
  pages={555--572},
  year={2016},
  publisher={Springer}
}

 @book{pml1Book,
 author = "Kevin P. Murphy",
 title = "Probabilistic Machine Learning: An introduction",
 publisher = "MIT Press",
 year = 2022,
 url = "probml.ai"
}

@article{rain2013sentiment,
  title={Sentiment analysis in amazon reviews using probabilistic machine learning},
  author={Rain, Callen},
  journal={Swarthmore College},
  year={2013}
}

@article{nie2018deep,
  title={The deep regression bayesian network and its applications: Probabilistic deep learning for computer vision},
  author={Nie, Siqi and Zheng, Meng and Ji, Qiang},
  journal={IEEE Signal Processing Magazine},
  volume={35},
  number={1},
  pages={101--111},
  year={2018},
  publisher={IEEE}
}

@inproceedings{peharz2020random,
  title={Random sum-product networks: A simple and effective approach to probabilistic deep learning},
  author={Peharz, Robert and Vergari, Antonio and Stelzner, Karl and Molina, Alejandro and Shao, Xiaoting and Trapp, Martin and Kersting, Kristian and Ghahramani, Zoubin},
  booktitle={Uncertainty in Artificial Intelligence},
  pages={334--344},
  year={2020},
  organization={PMLR}
}

@article{andersson2021seasonal,
  title={Seasonal Arctic sea ice forecasting with probabilistic deep learning},
  author={Andersson, Tom R and Hosking, J Scott and P{\'e}rez-Ortiz, Mar{\'\i}a and Paige, Brooks and Elliott, Andrew and Russell, Chris and Law, Stephen and Jones, Daniel C and Wilkinson, Jeremy and Phillips, Tony and others},
  journal={Nature communications},
  volume={12},
  number={1},
  pages={1--12},
  year={2021},
  publisher={Nature Publishing Group}
}

@inproceedings{dietterich2000ensemble,
  title={Ensemble methods in machine learning},
  author={Dietterich, Thomas G},
  booktitle={International workshop on multiple classifier systems},
  pages={1--15},
  year={2000},
  organization={Springer}
}

@article{dietterich2002ensemble,
  title={Ensemble learning},
  author={Dietterich, Thomas G and others},
  journal={The handbook of brain theory and neural networks},
  volume={2},
  number={1},
  pages={110--125},
  year={2002},
  publisher={MIT press Cambridge, MA, USA}
}





